<?xml version="1.0" encoding="UTF-8" ?>
<record Numero="13921316" format="InterXMarc_Complet" type="Authority">
<leader>00324c1 au22000272  45  <Pos Code="0004">00324</Pos>
<Pos Code="05" Sens="notice modifiée">c</Pos>
<Pos Code="06" Sens="notice validée en catalogage courant">1</Pos>
<Pos Code="08" Sens="notice d&apos;autorité">a</Pos>
<Pos Code="09" Sens="titre uniforme musical (TUM)">u</Pos>
<Pos Code="10">2</Pos>
<Pos Code="11">2</Pos>
<Pos Code="1216">00027</Pos>
<Pos Code="17" Sens="autres cas">2</Pos>
<Pos Code="20">4</Pos>
<Pos Code="21">5</Pos>
</leader>
<controlfield tag="001">FRBNF13921316X<Pos Code="0001">FR</Pos>
<Pos Code="0204">BNF</Pos>
<Pos Code="0512">13921316</Pos>
<Pos Code="13">X</Pos>
</controlfield>
<controlfield tag="008">890821960404yy    qua       1923    ? ....                   1   <Pos Code="0001">89</Pos>
<Pos Code="0203">08</Pos>
<Pos Code="0405">21</Pos>
<Pos Code="0607">96</Pos>
<Pos Code="0809">04</Pos>
<Pos Code="1011">04</Pos>
<Pos Code="1213" Sens="ne s&apos;applique pas">yy</Pos>
<Pos Code="1820" Sens="quatuor instrumental">qua</Pos>
<Pos Code="2831">1923</Pos>
<Pos Code="36" Sens="Date incertaine">?</Pos>
<Pos Code="3841">....</Pos>
<Pos Code="61" Sens="La vedette peut être liée à une notice bibliographique sauf pour l&apos;accès matière RAMEAU">1</Pos>
</controlfield>
<datafield tag="048" ind1=" " ind2=" ">
	<subfield code="a">sa02<Pos Code="0001" Sens="cordes frottées - violon">sa</Pos>
<Pos Code="02">0</Pos>
<Pos Code="03">2</Pos>
</subfield>
	<subfield code="a">sb01<Pos Code="0001" Sens="cordes frottées - alto">sb</Pos>
<Pos Code="02">0</Pos>
<Pos Code="03">1</Pos>
</subfield>
	<subfield code="a">sc01<Pos Code="0001" Sens="cordes frottées - violoncelle">sc</Pos>
<Pos Code="02">0</Pos>
<Pos Code="03">1</Pos>
</subfield>
</datafield>
<datafield tag="100" ind1=" " ind2=" ">
	<subfield code="3">13901410</subfield>
	<subfield code="w"> 0  b     </subfield>
	<subfield code="a">Zemlinsky</subfield>
	<subfield code="m">Alexander</subfield>
	<subfield code="d">1871-1942</subfield>
</datafield>
<datafield tag="144" ind1="1" ind2=" ">
	<subfield code="w">....b.....</subfield>
	<subfield code="a">Quatuors</subfield>
	<subfield code="b">Cordes</subfield>
	<subfield code="n">No 3</subfield>
	<subfield code="p">Op. 19</subfield>
</datafield>
<datafield tag="600" ind1=" " ind2=" ">
	<subfield code="a">Date de composition : ca 1923</subfield>
</datafield>
<datafield tag="610" ind1=" " ind2=" ">
	<subfield code="a">Grove 6</subfield>
</datafield>
<datafield tag="917" ind1=" " ind2=" ">
	<subfield code="o">OPC</subfield>
	<subfield code="a">100515190</subfield>
</datafield>
<Alter Ori="13901410">
<datafield tag="400" ind1=" " ind2=" ">
	<subfield code="w">. . b.....</subfield>
	<subfield code="a">Zemlinsky</subfield>
	<subfield code="m">Alexander von</subfield>
	<subfield code="d">1871-1942</subfield>
</datafield>
</Alter>
<Attr Nom="IDPerenne">ark:/12148/cb139213160</Attr>
<Attr Nom="NumSource">OPC 100515190</Attr>
<Attr Nom="Source" Sens="BnF catalogue général (depuis 1999)">A</Attr>
<Attr Nom="NumAutoriteLiee">13901410</Attr>
<Attr Nom="DateCreation">21/08/ 1989</Attr>
<Attr Nom="ResponsableCreation">MIGV2</Attr>
<Attr Nom="StructCreation">1</Attr>
<Attr Nom="DateDerniereValidation">08/11/ 2010</Attr>
<Attr Nom="ResponsableDerniereValidation">MIGV4</Attr>
<Attr Nom="StructPremiereValidation">1</Attr>
<Attr Nom="DatePremiereValidation">21/08/ 1989</Attr>
<Attr Nom="ResponsablePremiereValidation">MIGV2</Attr>
<Attr Nom="StructDerniereValidation">1</Attr>
</record>
